<record><leader>00000cas a2200000 a 4500</leader><controlfield tag="001">8377285</controlfield><controlfield tag="008">820428c19829999fludr ne      0   a0eng c</controlfield><datafield ind1=" " ind2=" " tag="010"><subfield code="a">sn 82002567 </subfield></datafield><datafield ind1=" " ind2=" " tag="040"><subfield code="a">JPL</subfield><subfield code="b">eng</subfield><subfield code="c">JPL</subfield><subfield code="d">NSD</subfield><subfield code="d">DLC</subfield><subfield code="d">MGN</subfield><subfield code="d">DLC</subfield><subfield code="d">NVF</subfield><subfield code="d">FUG</subfield><subfield code="d">DLC</subfield><subfield code="d">NYS</subfield><subfield code="d">NVF</subfield><subfield code="d">NYS</subfield><subfield code="d">NVF</subfield><subfield code="d">OCLCQ</subfield><subfield code="d">GK8</subfield><subfield code="d">OCLCQ</subfield><subfield code="d">OCLCF</subfield></datafield><datafield ind1="1" ind2=" " tag="022"><subfield code="a">0744-6055</subfield><subfield code="l">0744-6055</subfield><subfield code="2">1</subfield></datafield><datafield ind1="1" ind2=" " tag="029"><subfield code="a">AU@</subfield><subfield code="b">000020282074</subfield></datafield><datafield ind1="1" ind2=" " tag="029"><subfield code="a">NZ1</subfield><subfield code="b">16076491</subfield></datafield><datafield ind1=" " ind2=" " tag="032"><subfield code="a">412100</subfield><subfield code="b">USPS</subfield></datafield><datafield ind1=" " ind2=" " tag="037"><subfield code="b">Sentinel Star Company, 633 N. Orange Avenue, Orlando, FL 32802</subfield></datafield><datafield ind1=" " ind2=" " tag="042"><subfield code="a">nsdp</subfield><subfield code="a">pcc</subfield></datafield><datafield ind1=" " ind2=" " tag="043"><subfield code="a">n-us-fl</subfield></datafield><datafield ind1="0" ind2="0" tag="050"><subfield code="a">Newspaper</subfield></datafield><datafield ind1="0" ind2=" " tag="130"><subfield code="a">Orlando sentinel (Orlando, Fla. : 1982)</subfield></datafield><datafield ind1=" " ind2="4" tag="222"><subfield code="a">The Orlando sentinel</subfield></datafield><datafield ind1="1" ind2="4" tag="245"><subfield code="a">The Orlando sentinel.</subfield></datafield><datafield ind1="1" ind2=" " tag="246"><subfield code="i">Lake County ed. issued from &lt;1985-1996&gt; with separate section titled:</subfield><subfield code="a">Lake sentinel</subfield></datafield><datafield ind1="1" ind2=" " tag="246"><subfield code="i">Osceola County ed. issued from &lt;1985-1996&gt; with separate section titled:</subfield><subfield code="a">Osceola sentinel</subfield></datafield><datafield ind1=" " ind2=" " tag="260"><subfield code="a">Orlando, Fla. :</subfield><subfield code="b">Sentinel Star Co.,</subfield><subfield code="c">1982-</subfield></datafield><datafield ind1=" " ind2=" " tag="300"><subfield code="a">v. :</subfield><subfield code="b">ill. (some col.) ;</subfield><subfield code="c">56 cm.</subfield></datafield><datafield ind1=" " ind2=" " tag="310"><subfield code="a">Daily</subfield></datafield><datafield ind1="0" ind2=" " tag="362"><subfield code="a">106th year, no. 116 (Apr. 26, 1982)-</subfield></datafield><datafield ind1=" " ind2=" " tag="500"><subfield code="a">Published in multiple editions.</subfield></datafield><datafield ind1=" " ind2=" " tag="530"><subfield code="a">Available on microfilm from UMI.</subfield></datafield><datafield ind1=" " ind2=" " tag="530"><subfield code="a">Also issued via the World Wide Web.</subfield></datafield><datafield ind1=" " ind2=" " tag="580"><subfield code="a">Spanish-language weekly ed.: Sentinel (Orlando, Fla.), &lt;2002&gt;.</subfield></datafield><datafield ind1=" " ind2=" " tag="580"><subfield code="a">Also available from NewsBank, Inc. on CD-ROM with title: NewsBank CD news presents the Orlando sentinel.</subfield></datafield><datafield ind1=" " ind2=" " tag="588"><subfield code="a">Latest issue consulted: 119th year, no. 304 (Oct. 31, 1995).</subfield></datafield><datafield ind1=" " ind2="0" tag="651"><subfield code="a">Orlando (Fla.)</subfield><subfield code="v">Newspapers.</subfield></datafield><datafield ind1=" " ind2="0" tag="651"><subfield code="a">Orange County (Fla.)</subfield><subfield code="v">Newspapers.</subfield></datafield><datafield ind1=" " ind2="0" tag="651"><subfield code="a">Lake County (Fla.)</subfield><subfield code="v">Newspapers.</subfield></datafield><datafield ind1=" " ind2="0" tag="651"><subfield code="a">Osceola County (Fla.)</subfield><subfield code="v">Newspapers.</subfield></datafield><datafield ind1=" " ind2="7" tag="655"><subfield code="a">Newspapers.</subfield><subfield code="2">fast</subfield><subfield code="0">(OCoLC)fst01423814</subfield></datafield><datafield ind1=" " ind2="7" tag="651"><subfield code="a">Florida</subfield><subfield code="z">Lake County.</subfield><subfield code="2">fast</subfield><subfield code="0">(OCoLC)fst01211152</subfield></datafield><datafield ind1=" " ind2="7" tag="651"><subfield code="a">Florida</subfield><subfield code="z">Orange County.</subfield><subfield code="2">fast</subfield><subfield code="0">(OCoLC)fst01211878</subfield></datafield><datafield ind1=" " ind2="7" tag="651"><subfield code="a">Florida</subfield><subfield code="z">Orlando.</subfield><subfield code="2">fast</subfield><subfield code="0">(OCoLC)fst01204036</subfield></datafield><datafield ind1=" " ind2="7" tag="651"><subfield code="a">Florida</subfield><subfield code="z">Osceola County.</subfield><subfield code="2">fast</subfield><subfield code="0">(OCoLC)fst01206757</subfield></datafield><datafield ind1=" " ind2=" " tag="752"><subfield code="a">United States</subfield><subfield code="b">Florida</subfield><subfield code="c">Orange</subfield><subfield code="d">Orlando.</subfield></datafield><datafield ind1=" " ind2=" " tag="752"><subfield code="a">United States</subfield><subfield code="b">Florida</subfield><subfield code="c">Lake.</subfield></datafield><datafield ind1=" " ind2=" " tag="752"><subfield code="a">United States</subfield><subfield code="b">Florida</subfield><subfield code="c">Osceola.</subfield></datafield><datafield ind1="1" ind2=" " tag="775"><subfield code="t">Sentinel (Orlando, Fla.)</subfield><subfield code="g">&lt;2002&gt;</subfield><subfield code="w">(OCoLC)49888888</subfield></datafield><datafield ind1="0" ind2="0" tag="780"><subfield code="t">Sentinel star</subfield><subfield code="w">(DLC)sn 82015031</subfield><subfield code="w">(OCoLC)8253251</subfield></datafield><datafield ind1="1" ind2=" " tag="787"><subfield code="t">NewsBank CD news presents the Orlando sentinel</subfield><subfield code="x">1068-0497</subfield><subfield code="w">(DLC)   93644250</subfield><subfield code="w">(OCoLC)27408163</subfield></datafield><datafield ind1="4" ind2="1" tag="856"><subfield code="u">http://www.orlandosentinel.com/</subfield></datafield></record>